<record><leader>00000cas a2200000 a 4500</leader><controlfield tag="001">9165189</controlfield><controlfield tag="008">830126d17731777ctuwr ne      0    0eng  </controlfield><datafield ind1=" " ind2=" " tag="010"><subfield code="a">sn 82016120 </subfield></datafield><datafield ind1=" " ind2=" " tag="040"><subfield code="a">DLC</subfield><subfield code="b">eng</subfield><subfield code="c">DLC</subfield><subfield code="d">NPV</subfield><subfield code="d">DLC</subfield><subfield code="d">NPX</subfield><subfield code="d">NPU</subfield><subfield code="d">OCL</subfield><subfield code="d">DLC</subfield><subfield code="d">NJW</subfield><subfield code="d">KNP</subfield><subfield code="d">MGN</subfield><subfield code="d">CNW</subfield><subfield code="d">FUG</subfield><subfield code="d">CNW</subfield><subfield code="d">OCL</subfield><subfield code="d">CVF</subfield><subfield code="d">OCLCQ</subfield><subfield code="d">DLC</subfield><subfield code="d">OCLCQ</subfield><subfield code="d">NYS</subfield><subfield code="d">CRL</subfield><subfield code="d">KRTAS</subfield><subfield code="d">DLC</subfield><subfield code="d">OCLCQ</subfield><subfield code="d">OCLCF</subfield></datafield><datafield ind1=" " ind2=" " tag="019"><subfield code="a">2265232</subfield></datafield><datafield ind1=" " ind2=" " tag="042"><subfield code="a">pcc</subfield></datafield><datafield ind1=" " ind2=" " tag="043"><subfield code="a">n-us-ct</subfield></datafield><datafield ind1=" " ind2=" " tag="045"><subfield code="a">v7v7</subfield></datafield><datafield ind1="0" ind2="0" tag="050"><subfield code="a">Newspaper</subfield></datafield><datafield ind1=" " ind2=" " tag="052"><subfield code="a">3783</subfield><subfield code="b">N4</subfield></datafield><datafield ind1="0" ind2="4" tag="245"><subfield code="a">The Norwich packet and the Connecticut, Massachusetts, New-Hampshire, and Rhode-Island weekly advertiser.</subfield></datafield><datafield ind1="3" ind2="0" tag="246"><subfield code="a">Connecticut, Massachusetts, New Hampshire, and Rhode Island weekly advertiser</subfield></datafield><datafield ind1=" " ind2=" " tag="260"><subfield code="a">Norwich [Conn.] :</subfield><subfield code="b">Printed by A. Robertson, J. Robertson, and J. Trumbull,</subfield><subfield code="c">-1777.</subfield></datafield><datafield ind1=" " ind2=" " tag="300"><subfield code="a">v.</subfield></datafield><datafield ind1=" " ind2=" " tag="310"><subfield code="a">Weekly</subfield></datafield><datafield ind1="1" ind2=" " tag="362"><subfield code="a">Began in Oct. 1773.</subfield></datafield><datafield ind1="0" ind2=" " tag="362"><subfield code="a">-v. 5, no. 121 (Dec. 15/22, 1777).</subfield></datafield><datafield ind1=" " ind2=" " tag="500"><subfield code="a">Printer: John Trumbull, 1776-1777.</subfield></datafield><datafield ind1="4" ind2=" " tag="510"><subfield code="a">Brigham, C.S. Early American newspapers</subfield><subfield code="c">p. 67</subfield></datafield><datafield ind1=" " ind2=" " tag="530"><subfield code="a">Available on microopaque and microfilm from the Readex Microprint Corp.</subfield></datafield><datafield ind1=" " ind2=" " tag="588"><subfield code="a">Description based on: Vol. 1, no. 5 (Oct. 28, 1773/Nov. 4, 1773).</subfield></datafield><datafield ind1=" " ind2="0" tag="651"><subfield code="a">Norwich (Conn.)</subfield><subfield code="v">Newspapers.</subfield></datafield><datafield ind1=" " ind2="0" tag="651"><subfield code="a">New London County (Conn.)</subfield><subfield code="v">Newspapers.</subfield></datafield><datafield ind1=" " ind2="7" tag="655"><subfield code="a">Newspapers.</subfield><subfield code="2">fast</subfield><subfield code="0">(OCoLC)fst01423814</subfield></datafield><datafield ind1=" " ind2="7" tag="651"><subfield code="a">Connecticut</subfield><subfield code="z">New London County.</subfield><subfield code="2">fast</subfield><subfield code="0">(OCoLC)fst01221053</subfield></datafield><datafield ind1=" " ind2="7" tag="651"><subfield code="a">Connecticut</subfield><subfield code="z">Norwich.</subfield><subfield code="2">fast</subfield><subfield code="0">(OCoLC)fst01216259</subfield></datafield><datafield ind1=" " ind2=" " tag="752"><subfield code="a">United States</subfield><subfield code="b">Connecticut</subfield><subfield code="c">New London</subfield><subfield code="d">Norwich.</subfield></datafield><datafield ind1="0" ind2="0" tag="785"><subfield code="t">Norwich packet (Norwich, Conn. : 1777)</subfield><subfield code="w">(DLC)sn 82016117</subfield><subfield code="w">(OCoLC)9164927</subfield></datafield><datafield ind1=" " ind2=" " tag="938"><subfield code="a">Kirtas Technologies, Inc.</subfield><subfield code="b">KRTS</subfield><subfield code="n">736155</subfield></datafield></record>